@article{doucet2000sequential,
  title={On sequential Monte Carlo sampling methods for Bayesian filtering},
  author={Doucet, Arnaud and Godsill, Simon and Andrieu, Christophe},
  journal={Statistics and computing},
  volume={10},
  number={3},
  pages={197--208},
  year={2000},
  publisher={Springer}
}

@article{casella1996statistical,
  title={Statistical inference and Monte Carlo algorithms},
  author={Casella, George and Ferr{\'a}ndiz, Juan and Pe{\~n}a, Daniel and Insua, David Rios and Bernardo, Jos{\'e} M and Garc{\'\i}a-L{\'o}pez, PA and Gonz{\'a}lez, A and Berger, J and Dawid, AP and Diciccio, Thomas J and others},
  journal={Test},
  volume={5},
  number={2},
  pages={249--344},
  year={1996},
  publisher={Springer}
}

@inproceedings{gordon1993novel,
  title={Novel approach to nonlinear/non-Gaussian Bayesian state estimation},
  author={Gordon, Neil J and Salmond, David J and Smith, Adrian FM},
  booktitle={IEE Proceedings F (Radar and Signal Processing)},
  volume={140},
  number={2},
  pages={107--113},
  year={1993},
  organization={IET}
}

@article{liu1998sequential,
  title={Sequential Monte Carlo methods for dynamic systems},
  author={Liu, Jun S and Chen, Rong},
  journal={Journal of the American statistical association},
  volume={93},
  number={443},
  pages={1032--1044},
  year={1998},
  publisher={Taylor \& Francis Group}
}

@article{kitagawa1996monte,
  title={Monte Carlo filter and smoother for non-Gaussian nonlinear state space models},
  author={Kitagawa, Genshiro},
  journal={Journal of computational and graphical statistics},
  volume={5},
  number={1},
  pages={1--25},
  year={1996},
  publisher={Taylor \& Francis}
}

@article{kong1994sequential,
  title={Sequential imputations and Bayesian missing data problems},
  author={Kong, Augustine and Liu, Jun S and Wong, Wing Hung},
  journal={Journal of the American statistical association},
  volume={89},
  number={425},
  pages={278--288},
  year={1994},
  publisher={Taylor \& Francis Group}
}

@article{liu1995blind,
  title={Blind deconvolution via sequential imputations},
  author={Liu, Jun S and Chen, Rong},
  journal={Journal of the American Statistical Association},
  volume={90},
  number={430},
  pages={567--576},
  year={1995},
  publisher={Taylor \& Francis}
}

@article{campillo2006filtrage,
  title={Filtrage particulaire et mod{\`e}les de Markov cach{\'e}s},
  author={Campillo, Fabien},
  journal={Cours Master recherche},
  year={2006}
}

@inproceedings{legland2003filtrage,
  title={Filtrage particulaire},
  author={Legland, Fran{\c{c}}ois},
  booktitle={Proceedings 19eme Colloque GRETSI sur le Traitement du Signal et des Images},
  volume={1},
  pages={1--8},
  year={2003}
}

@article{gustafsson2002particle,
  title={Particle filters for positioning, navigation, and tracking},
  author={Gustafsson, Fredrik and Gunnarsson, Fredrik and Bergman, Niclas and Forssell, Urban and Jansson, Jonas and Karlsson, Rickard and Nordlund, P-J},
  journal={Signal Processing, IEEE Transactions on},
  volume={50},
  number={2},
  pages={425--437},
  year={2002},
  publisher={IEEE}
}

@article{cappe2007overview,
  title={An overview of existing methods and recent advances in sequential Monte Carlo},
  author={Capp{\'e}, Olivier and Godsill, Simon J and Moulines, Eric},
  journal={Proceedings of the IEEE},
  volume={95},
  number={5},
  pages={899--924},
  year={2007},
  publisher={IEEE}
}

@article{doucet2009tutorial,
  title={A tutorial on particle filtering and smoothing: Fifteen years later},
  author={Doucet, Arnaud and Johansen, Adam M},
  journal={Handbook of Nonlinear Filtering},
  volume={12},
  pages={656--704},
  year={2009},
  publisher={Oxford, UK: Oxford University Press}
}

@article{carpenter1999improved,
  title={Improved particle filter for nonlinear problems},
  author={Carpenter, James and Clifford, Peter and Fearnhead, Paul},
  journal={IEE Proceedings-Radar, Sonar and Navigation},
  volume={146},
  number={1},
  pages={2--7},
  year={1999},
  publisher={IET}
}

@article{johansen2007monte,
  title={Monte Carlo Methods},
  author={Johansen, Adam M and Evers, Ludger and Whiteley, N},
  journal={Lecture notes, Bristol: University of Bristol},
  year={2007}
}

@article{arulampalam2002tutorial,
  title={A tutorial on particle filters for online nonlinear/non-Gaussian Bayesian tracking},
  author={Arulampalam, M Sanjeev and Maskell, Simon and Gordon, Neil and Clapp, Tim},
  journal={Signal Processing, IEEE Transactions on},
  volume={50},
  number={2},
  pages={174--188},
  year={2002},
  publisher={IEEE}
}

@inproceedings{avitzour1995stochastic,
  title={Stochastic simulation Bayesian approach to multitarget tracking},
  author={Avitzour, D},
  booktitle={Radar, Sonar and Navigation, IEE Proceedings-},
  volume={142},
  number={2},
  pages={41--44},
  year={1995},
  organization={IET}
}

@inproceedings{hol2006resampling,
  title={On resampling algorithms for particle filters},
  author={Hol, Jeroen D and Schon, Thomas B and Gustafsson, Fredrik},
  booktitle={Nonlinear Statistical Signal Processing Workshop, 2006 IEEE},
  pages={79--82},
  year={2006},
  organization={IEEE}
}

@inproceedings{douc2005comparison,
  title={Comparison of resampling schemes for particle filtering},
  author={Douc, Randal and Capp{\'e}, Olivier},
  booktitle={Image and Signal Processing and Analysis, 2005. ISPA 2005. Proceedings of the 4th International Symposium on},
  pages={64--69},
  year={2005},
  organization={IEEE}
}